@misc{zephyr,
  title = {Introduction — Zephyr Project Documentation},
  url = {https://docs.zephyrproject.org/latest/introduction/index.html},
  year = {2015},
  organization = {Zephyrproject.org}
}

@misc{qemu,
  author = {The QEMU Project Developers},
  title = {About QEMU — QEMU Documentation},
  url = {https://www.qemu.org/docs/master/about/index.html},
  year = {2023},
  organization = {www.qemu.org}
}

@article{zhang_2022_federated,
  author = {Zhang, Tuo and Gao, Lei and He, Chaoyang and Zhang, Mi and Krishnamachari, Bhaskar and Avestimehr, A. Salman},
  month = {03},
  pages = {24-29},
  title = {Federated Learning for the Internet of Things: Applications, Challenges, and Opportunities},
  doi = {10.1109/iotm.004.2100182},
  volume = {5},
  year = {2022},
  journal = {IEEE Internet of Things Magazine}
}

@article{he_2020_fedml,
  author = {He, Chaoyang and Li, Songze and So, Jinhyun and Mi, Zhang and Wang, Hongyi and Wang, Xiaoyang and Praneeth Vepakomma and Singh, Abhishek and Qiu, Hang and Shen, Li and Zhao, Peilin and Kang, Yan and Liu, Yang and Ramesh Raskar and Yang, Qiang and Murali Annavaram and Salman Avestimehr},
  month = {07},
  publisher = {Cornell University},
  title = {FedML: A Research Library and Benchmark for Federated Machine Learning},
  urldate = {2024-01-26},
  year = {2020},
  journal = {arXiv (Cornell University)}
}

@article{li_2021_flsim,
  author = {Li, Li and Wang, Jun and Xu, Cheng‐Zhong},
  month = {01},
  pages = {350-369},
  title = {FLSim: An Extensible and Reusable Simulation Framework for Federated Learning},
  doi = {10.1007/978-3-030-72792-5_30},
  urldate = {2024-01-26},
  year = {2021},
  journal = {}
}

@article{tang_2023_fedml,
  author = {Tang, Zhenheng and Chu, Xiaowen and Ryan Yide Ran and Lee, Sunwoo and Shi, Shaohuai and Zhang, Yonggang and Wang, Yuxin and Alex Qiaozhong Liang and Salman Avestimehr and He, Chuan},
  month = {03},
  publisher = {Cornell University},
  title = {FedML Parrot: A Scalable Federated Learning System via
  Heterogeneity-aware Scheduling on Sequential and Hierarchical Training},
  doi = {10.48550/arxiv.2303.01778},
  urldate = {2024-01-26},
  year = {2023},
  journal = {arXiv (Cornell University)}
}

@misc{garcia_2022_flute,
  author = {Garcia, Mirian Hipolito and Manoel, Andre and Diaz, Daniel Madrigal and Mireshghallah, Fatemehsadat and Sim, Robert and Dimitriadis, Dimitrios},
  month = {11},
  title = {FLUTE: A Scalable, Extensible Framework for High-Performance Federated Learning Simulations},
  doi = {10.48550/arXiv.2203.13789},
  url = {https://arxiv.org/abs/2203.13789},
  urldate = {2023-10-05},
  year = {2022},
  organization = {arXiv.org}
}

@article{brendan_2016_communicationefficient,
  author = {Brendan, McMahan H and Moore, Eider and Ramage, Daniel and Hampson, Seth and Blaise},
  month = {02},
  publisher = {Cornell University},
  title = {Communication-Efficient Learning of Deep Networks from Decentralized
  Data},
  doi = {10.48550/arxiv.1602.05629},
  year = {2016},
  journal = {arXiv (Cornell University)}
}

@misc{_2024_tsodingnnh,
  author = {Tsoding},
  month = {01},
  title = {tsoding/nn.h},
  url = {https://github.com/tsoding/nn.h},
  urldate = {2024-01-26},
  year = {2024},
  organization = {GitHub}
}
@misc{tensorflow2015-whitepaper,
title={ {TensorFlow}: Large-Scale Machine Learning on Heterogeneous Systems},
url={https://www.tensorflow.org/},
note={Software available from tensorflow.org},
author={
    Mart\'{i}n~Abadi and
    Ashish~Agarwal and
    Paul~Barham and
    Eugene~Brevdo and
    Zhifeng~Chen and
    Craig~Citro and
    Greg~S.~Corrado and
    Andy~Davis and
    Jeffrey~Dean and
    Matthieu~Devin and
    Sanjay~Ghemawat and
    Ian~Goodfellow and
    Andrew~Harp and
    Geoffrey~Irving and
    Michael~Isard and
    Yangqing Jia and
    Rafal~Jozefowicz and
    Lukasz~Kaiser and
    Manjunath~Kudlur and
    Josh~Levenberg and
    Dandelion~Man\'{e} and
    Rajat~Monga and
    Sherry~Moore and
    Derek~Murray and
    Chris~Olah and
    Mike~Schuster and
    Jonathon~Shlens and
    Benoit~Steiner and
    Ilya~Sutskever and
    Kunal~Talwar and
    Paul~Tucker and
    Vincent~Vanhoucke and
    Vijay~Vasudevan and
    Fernanda~Vi\'{e}gas and
    Oriol~Vinyals and
    Pete~Warden and
    Martin~Wattenberg and
    Martin~Wicke and
    Yuan~Yu and
    Xiaoqiang~Zheng},
  year={2015},
}
@article{schirrmeister_2020_simulation,
  author = {Schirrmeister, Bill and Geyer, Frank and Steffen Späthe},
  month = {09},
  pages = {6-11},
  title = {Simulation and Benchmarking of IoT Device Usage Scenarios Using Zephyr and Qemu},
  urldate = {2024-01-27},
  year = {2020},
  journal = {SMART 2020}
}

@article{rana_2023_hierarchical,
  author = {Rana, Omer F and Theodoros Spyridopoulos and Hudson, Nathaniel and Baughman, Matt and Chard, Kyle and Foster, Ian and Aftab },
  month = {04},
  publisher = {Cornell University},
  title = {Hierarchical and Decentralised Federated Learning},
  doi = {10.48550/arxiv.2304.14982},
  urldate = {2024-01-27},
  year = {2023},
  journal = {arXiv (Cornell University)}
}

@misc{ntu,
  author = {Mohamed Shafiq},
  publisher= {Nanyang Technological University},
  title = {Building an AIoT System Emulator with Zephyr and QEMU},
  month = {01},
  year = {2023}
}

@misc{hinton2015distilling,
      title={Distilling the Knowledge in a Neural Network},
      author={Geoffrey Hinton and Oriol Vinyals and Jeff Dean},
      year={2015},
      eprint={1503.02531},
      archivePrefix={arXiv},
      primaryClass={stat.ML}
}
@misc{liu2022efficient,
      title={Efficient Federated Learning for AIoT Applications Using Knowledge Distillation},
      author={Tian Liu and Zhiwei Ling and Jun Xia and Xin Fu and Shui Yu and Mingsong Chen},
      year={2022},
      eprint={2111.14347},
      archivePrefix={arXiv},
      primaryClass={cs.LG}
}

@misc{android,
  author = {Florian Hartmann},
  title = { Predicting Text Selections with Federated Learning },
  url = {https://blog.research.google/2021/11/predicting-text-selections-with.html},
  year = {2021},
  organization = {Google Research}
}

@misc{tc,
  author = {},
  month = {01},
  title = {Traffic-Control-HOWTO},
  url = {https://tldp.org/HOWTO/Traffic-Control-HOWTO/intro.html},
  urldate = {2024-01-26},
  year = {2024},
  organization = {The Linux Documentation Project}
}

@misc{wireshark,
  author = {},
  month = {01},
  title = {Wireshark},
  url = {https://www.wireshark.org/},
  urldate = {2024-01-26},
  year = {2024},
  organization = {Wireshark Foundation}
}
